@inproceedings{julstrom_initialization_2002,
	title = {Initialization is robust in evolutionary algorithms that encode spanning trees as sets of edges},
	isbn = {1-58113-445-2},
	booktitle = {Proceedings of the 2002 {ACM} symposium on {Applied} computing},
	publisher = {ACM},
	author = {Julstrom, Bryant A. and Raidl, Günther R.},
	year = {2002},
	pages = {547--552},
	file = {Initialization is robust in evolutionary algorithms that encode spanning trees as sets of edges.pdf:D\:\\Ebook\\A_Education\\Spanning Tree Problem\\Initialization is robust in evolutionary algorithms that encode spanning trees as sets of edges.pdf:application/pdf}
}

@incollection{perfecto_dandelion_encoded_2016,
	title = {Dandelion-encoded harmony search heuristics for opportunistic traffic offloading in synthetically modeled mobile networks},
	booktitle = {Harmony {Search} {Algorithm}},
	publisher = {Springer},
	author = {Perfecto, Cristina and Bilbao, Miren Nekane and Del Ser, Javier and Ferro, Armando and Salcedo-Sanz, Sancho},
	year = {2016},
	pages = {133--145},
	file = {Dandelion-encoded harmony search heuristics for opportunistic traffic offloading in synthetically modeled mobile networks.pdf:D\:\\Ebook\\A_Education\\Spanning Tree Problem\\Dandelion-encoded harmony search heuristics for opportunistic traffic offloading in synthetically modeled mobile networks.pdf:application/pdf}
}

@inproceedings{paulden_recent_2006,
	title = {Recent advances in the study of the {Dandelion} {Code}, {Happy} {Code}, and {Blob} {Code} spanning tree representations},
	isbn = {0-7803-9487-9},
	booktitle = {Evolutionary {Computation}, 2006. {CEC} 2006. {IEEE} {Congress} on},
	publisher = {IEEE},
	author = {Paulden, Tim and Smith, David K.},
	year = {2006},
	pages = {2111--2118},
	file = {Recent Advances in the Study of the Dandelion Code, Happy Code, and Blob Code Spanning Tree Representations.pdf:D\:\\Ebook\\A_Education\\Spanning Tree Problem\\Recent Advances in the Study of the Dandelion Code, Happy Code, and Blob Code Spanning Tree Representations.pdf:application/pdf}
}

@article{thompson_dandelion_2007,
	title = {The {Dandelion} {Code}: {A} new coding of spanning trees for genetic algorithms},
	volume = {11},
	number = {1},
	journal = {IEEE Transactions on Evolutionary Computation},
	author = {Thompson, Evan and Paulden, Tim and Smith, David K.},
	year = {2007},
	pages = {91--100},
	file = {The Dandelion Code_A New Coding of Spanning Trees for Genetic Algorithms_1.pdf:D\:\\Ebook\\A_Education\\Spanning Tree Problem\\The Dandelion Code_A New Coding of Spanning Trees for Genetic Algorithms_1.pdf:application/pdf;The Dandelion Code_A New Coding of Spanning Trees for Genetic Algorithms.pdf:D\:\\Ebook\\A_Education\\Spanning Tree Problem\\The Dandelion Code_A New Coding of Spanning Trees for Genetic Algorithms.pdf:application/pdf}
}

@article{prufer_neuer_1918,
	title = {Neuer beweis eines satzes uber per mutationen},
	volume = {27},
	journal = {Archiv derMathematik und Physik},
	author = {Prufer, H.},
	year = {1918},
	pages = {742--744}
}

@inproceedings{feng2017empirical,
	title={An empirical study of multifactorial PSO and multifactorial DE},
	author={Feng, L and Zhou, W and Zhou, L and Jiang, SW and Zhong, JH and Da, BS and Zhu, ZX and Wang, Y},
	booktitle={Evolutionary Computation (CEC), 2017 IEEE Congress on},
	pages={921--928},
	year={2017},
	organization={IEEE}
}


@inproceedings{wu2014clustered,
	title={Clustered trees with minimum inter-cluster distance},
	author={Wu, Bang Ye and Lin, Chen-Wan},
	booktitle={Computational Science and Engineering (CSE), 2014 IEEE 17th International Conference on},
	pages={1138--1141},
	year={2014},
	organization={IEEE}
}


@book{reinelt1994traveling,
	title={The traveling salesman: computational solutions for TSP applications},
	author={Reinelt, Gerhard},
	year={1994},
	publisher={Springer-Verlag}
}


@inproceedings{julstrom2005blob,
	title={The blob code is competitive with edge-sets in genetic algorithms for the minimum routing cost spanning tree problem},
	author={Julstrom, Bryant A},
	booktitle={Proceedings of the 7th annual conference on Genetic and evolutionary computation},
	pages={585--590},
	year={2005},
	organization={ACM}
}


@article{khuller1995balancing,
	title={Balancing minimum spanning trees and shortest-path trees},
	author={Khuller, Samir and Raghavachari, Balaji and Young, Neal},
	journal={Algorithmica},
	volume={14},
	number={4},
	pages={305--321},
	year={1995},
	publisher={Springer}
}


@article{dial1979computational,
	title={A computational analysis of alternative algorithms and labeling techniques for finding shortest path trees},
	author={Dial, Robert and Glover, Fred and Karney, David and Klingman, Darwin},
	journal={Networks},
	volume={9},
	number={3},
	pages={215--248},
	year={1979},
	publisher={Wiley Online Library}
}


@article{winter1997euclidean,
	title={Euclidean Steiner minimum trees: An improved exact algorithm},
	author={Winter, Pawel and Zachariasen, Martin},
	journal={Networks: An International Journal},
	volume={30},
	number={3},
	pages={149--166},
	year={1997},
	publisher={Wiley Online Library}
}

@article{holland1975adaptation,
	title={Adaptation in natural and artificial systems. An introductory analysis with application to biology, control, and artificial intelligence},
	author={Holland, John H},
	journal={Ann Arbor, MI: University of Michigan Press},
	pages={439--444},
	year={1975}
}


@inproceedings{Pham_Dinh_Thanh_2018_Instances,
	title = {Clu{SPT} Instances},
	doi = {http://dx.doi.org/10.17632/b4gcgybvt6.2},
	booktitle = {},
	publisher = {Mendeley Data v2},
	author = {Thanh, Pham Dinh},
	year = {2018},
	pages = {}
}
@inproceedings{Pham_Dinh_Thanh_2018_Results_Exist_Alg,
	title = {Results Obtained By {AAL}, {C-MFEA} And {E-MFEA}},
	doi = {http://dx.doi.org/10.17632/8ktdhvyj82.2},
	booktitle = {},
	publisher = {Mendeley Data v2},
	author = {Thanh, Pham Dinh},
	year = {2018},
	pages = {1-10}
}

@article{bao_improved_2012,
	title = {An improved approximation algorithm for the clustered traveling salesman problem},
	volume = {112},
	issn = {0020-0190},
	url = {http://www.sciencedirect.com/science/article/pii/S0020019012002475},
	doi = {10.1016/j.ipl.2012.08.020},
	abstract = {Given a weighted undirected graph G = ( V , E ) , where the vertex set V is partitioned into K clusters V 1 , … , V K , the clustered traveling salesman problem is to compute a shortest tour so that all vertices are visited and the vertices of each cluster are visited consecutively. Supposing that no starting and ending vertices of any cluster are specified, we provide a 13 / 6 ( ≈ 2.17 ) -approximation algorithm, and improve the previous approximation ratio of 2.75 due to Guttmann-Beck, Hassin, Khuller, and Raghavachari [Algorithmica 28 (2000) 422–437].},
	number = {23},
	journal = {Information Processing Letters},
	author = {Bao, Xiaoguang and Liu, Zhaohui},
	month = dec,
	year = {2012},
	keywords = {Approximation algorithm, Clustered traveling salesman problem, Traveling Salesman Problem},
	pages = {908--910},
	file = {An improved approximation algorithm for the clustered traveling salesman problem.pdf:D\:\\Ebook\\A_Education\\TSP\\An improved approximation algorithm for the clustered traveling salesman problem.pdf:application/pdf}
}

@article{helsgaun_solving_2011,
	title = {Solving the {Clustered} {Traveling} {Salesman} {Problem} {Using} the {Lin}-{Kernighan}-{Helsgaun} {Algorithm}},
	number = {142},
	journal = {Computer Science Research Report},
	author = {Helsgaun, Keld},
	year = {2011},
	pages = {1--16},
	file = {Solving the Clustered Traveling Salesman Problem Using the Lin-Kernighan-Helsgaun Algorithm.pdf:D\:\\Ebook\\A_Education\\TSP\\Solving the Clustered Traveling Salesman Problem Using the Lin-Kernighan-Helsgaun Algorithm.pdf:application/pdf}
}

@article{mestria_grasp_2013,
	title = {{GRASP} with path relinking for the symmetric euclidean clustered traveling salesman problem},
	volume = {40},
	number = {12},
	journal = {Computers \& Operations Research},
	author = {Mestria, Mário and Ochi, Luiz Satoru and de Lima Martins, Simone},
	year = {2013},
	pages = {3218--3229},
	file = {GRASP with path relinking for the symmetric Euclidean clustered traveling salesman problem.pdf:D\:\\Ebook\\A_Education\\TSP\\GRASP with path relinking for the symmetric Euclidean clustered traveling salesman problem.pdf:application/pdf}
}

@inproceedings{rothlauf_representations_2008,
	title = {Representations for evolutionary algorithms},
	isbn = {1-60558-131-3},
	booktitle = {Proceedings of the 10th annual conference companion on {Genetic} and evolutionary computation},
	publisher = {ACM},
	author = {Rothlauf, Franz},
	year = {2008},
	pages = {2613--2638},
	file = {Representations for evolutionary algorithms_paper.pdf:D\:\\Ebook\\A_Education\\Evolutionary Algorithms\\Representations for evolutionary algorithms_paper.pdf:application/pdf;Representations for evolutionary algorithms.pdf:D\:\\Ebook\\A_Education\\Evolutionary Algorithms\\Representations for evolutionary algorithms.pdf:application/pdf}
}

@inproceedings{yuan2016evolutionary,
	title={Evolutionary multitasking in permutation-based combinatorial optimization problems: Realization with TSP, QAP, LOP, and JSP},
	author={Yuan, Yuan and Ong, Yew-Soon and Gupta, Abhishek and Tan, Puay Siew and Xu, Hua},
	booktitle={Region 10 Conference (TENCON), 2016 IEEE},
	pages={3157--3164},
	year={2016},
	organization={IEEE}
}


@article{gupta_evolutionary_2015,
	title = {Evolutionary multitasking in bi-level optimization},
	volume = {1},
	number = {1-4},
	journal = {Complex \& Intelligent Systems},
	author = {Gupta, Abhishek and Mańdziuk, Jacek and Ong, Yew-Soon},
	year = {2015},
	pages = {83--95},
	file = {Evolutionary multitasking in bi-level optimization.pdf:files/3237/Evolutionary multitasking in bi-level optimization.pdf:application/pdf}
}

@article{gupta_multifactorial_2016,
	title = {Multifactorial evolution: toward evolutionary multitasking},
	volume = {20},
	number = {3},
	journal = {IEEE Transactions on Evolutionary Computation},
	author = {Gupta, Abhishek and Ong, Yew-Soon and Feng, Liang},
	year = {2016},
	pages = {343--357},
	file = {Multifactorial Evolution_Towards Evolutionary Multitasking_1.pdf:D\:\\Ebook\\A_Education\\Multifactorial Evolution\\Multifactorial Evolution_Towards Evolutionary Multitasking_1.pdf:application/pdf;Multifactorial Evolution Towards Evolutionary_Multitasking.pdf:D\:\\Ebook\\A_Education\\Multifactorial Evolution\\Multifactorial Evolution Towards Evolutionary_Multitasking.pdf:application/pdf}
}

@article{ong_evolutionary_2016,
	title = {Evolutionary multitasking: a computer science view of cognitive multitasking},
	volume = {8},
	number = {2},
	journal = {Cognitive Computation},
	author = {Ong, Yew-Soon and Gupta, Abhishek},
	year = {2016},
	pages = {125--142},
	file = {Evolutionary Multitasking A Computer Science View of Cognitive Multitasking.pdf:D\:\\Ebook\\A_Education\\Multifactorial Evolution\\Evolutionary Multitasking A Computer Science View of Cognitive Multitasking.pdf:application/pdf;Evolutionary multitasking_a computer science view of cognitive multitasking.pdf:D\:\\Ebook\\A_Education\\Multifactorial Evolution\\Evolutionary multitasking_a computer science view of cognitive multitasking.pdf:application/pdf}
}

@inproceedings{chandra_evolutionary_2016,
	title = {Evolutionary multi-task learning for modular training of feedforward neural networks},
	booktitle = {International {Conference} on {Neural} {Information} {Processing}},
	publisher = {Springer},
	author = {Chandra, Rohitash and Gupta, Abhishek and Ong, Yew-Soon and Goh, Chi-Keong},
	year = {2016},
	pages = {37--46},
	file = {Evolutionary multi-task learning for modular training of feedforward neural networks.pdf:D\:\\Ebook\\A_Education\\Multifactorial Evolution\\Evolutionary multi-task learning for modular training of feedforward neural networks.pdf:application/pdf}
}

@inproceedings{zhou2016evolutionary,
	title={Evolutionary multitasking in combinatorial search spaces: A case study in capacitated vehicle routing problem},
	author={Zhou, Lei and Feng, Liang and Zhong, Jinghui and Ong, Yew-Soon and Zhu, Zexuan and Sha, Edwin},
	booktitle={Computational Intelligence (SSCI), 2016 IEEE Symposium Series on},
	pages={1--8},
	year={2016},
	organization={IEEE}
}

@book{back_evolutionary_1996,
	title = {Evolutionary algorithms in theory and practice: evolution strategies, evolutionary programming, genetic algorithms},
	isbn = {0-19-535670-5},
	publisher = {Oxford university press},
	author = {Back, Thomas},
	year = {1996},
	file = {Eiben. Introduction to Evolutionary Computing.pdf:D\:\\MyData\\Read\\Thay Lam\\Tai_lieu\\Eiben. Introduction to Evolutionary Computing.pdf:application/pdf}
}

@article{raidl_edge_2003,
	title = {Edge sets: an effective evolutionary coding of spanning trees},
	volume = {7},
	number = {3},
	journal = {IEEE Transactions on evolutionary computation},
	author = {Raidl, Günther R. and Julstrom, Bryant A.},
	year = {2003},
	pages = {225--239},
	file = {Edge sets_an effective evolutionary coding of spanning trees.pdf:D\:\\Ebook\\A_Education\\Spanning Tree Problem\\Edge sets_an effective evolutionary coding of spanning trees.pdf:application/pdf}
}

@article{lin_minimum_2016,
	title = {On the minimum routing cost clustered tree problem},
	journal = {Journal of Combinatorial Optimization},
	author = {Lin, Chen-Wan and Wu, Bang Ye},
	year = {2016},
	pages = {1--16},
	file = {On the minimum routing cost clustered tree problem.pdf:D\:\\Ebook\\A_Education\\Spanning Tree Problem\\On the minimum routing cost clustered tree problem.pdf:application/pdf}
}


@inproceedings{demidio_clustered_2016,
	title = {On the {Clustered} {Shortest}-{Path} {Tree} {Problem}.},
	booktitle = {{ICTCS}},
	author = {D'Emidio, Mattia and Forlizzi, Luca and Frigioni, Daniele and Leucci, Stefano and Proietti, Guido},
	year = {2016},
	pages = {263--268},
	file = {On the Clustered Shortest-Path Tree Problem_1.pdf:files/4873/On the Clustered Shortest-Path Tree Problem_1.pdf:application/pdf;On the Clustered Shortest-Path Tree Problem.pdf:files/4872/On the Clustered Shortest-Path Tree Problem.pdf:application/pdf}
}


@article{feremans_geometric_2006,
	title = {The geometric generalized minimum spanning tree problem with grid clustering},
	volume = {4},
	number = {4},
	journal = {4OR: A Quarterly Journal of Operations Research},
	author = {Feremans, Corinne and Grigoriev, Alexander and Sitters, René},
	year = {2006},
	pages = {319--329},
	file = {The geometric generalized minimum spanning tree problem with grid clustering.pdf:D\:\\Ebook\\A_Education\\Spanning Tree Problem\\The geometric generalized minimum spanning tree problem with grid clustering.pdf:application/pdf}
}

@inproceedings{lin_2-approximation_2015,
	title = {A 2-approximation algorithm for the clustered minimum routing cost tree problem},
	volume = {274},
	isbn = {1-61499-484-6},
	booktitle = {Intelligent {Systems} and {Applications}: {Proceedings} of the {International} {Computer} {Symposium} ({ICS}) {Held} at {Taichung}, {Taiwan}, {December} 12–14, 2014},
	publisher = {IOS Press},
	author = {Lin, Chen-Wan and Wu, Bang Ye},
	year = {2015},
	pages = {3},
	file = {A 2-approximation algorithm for the clustered minimum routing cost tree problem.pdf:D\:\\Ebook\\A_Education\\Spanning Tree Problem\\A 2-approximation algorithm for the clustered minimum routing cost tree problem.pdf:application/pdf;W.C.-C. Chu, H.-C. Chao, S.J.-H. Yang (eds.)-Intelligent Systems and Applications_ Proceedings of the International Computer Symposium (ICS) held at Taichung, Taiwan, December 12  14, 2014-IOS Press (.pdf:D\:\\Ebook\\A_Education\\Spanning Tree Problem\\W.C.-C. Chu, H.-C. Chao, S.J.-H. Yang (eds.)-Intelligent Systems and Applications_ Proceedings of the International Computer Symposium (ICS) held at Taichung, Taiwan, December 12  14, 2014-IOS Press (.pdf:application/pdf}
}

@article{wu_clustered_2015,
	title = {On the clustered {Steiner} tree problem},
	volume = {30},
	number = {2},
	journal = {Journal of Combinatorial Optimization},
	author = {Wu, Bang Ye and Lin, Chen-Wan},
	year = {2015},
	pages = {370--386},
	file = {On the clustered Steiner tree problem.pdf:D\:\\Ebook\\A_Education\\Steiner Tree Problem\\On the clustered Steiner tree problem.pdf:application/pdf}
}

@article{feremans_generalized_2003,
	title = {Generalized network design problems},
	volume = {148},
	number = {1},
	journal = {European Journal of Operational Research},
	author = {Feremans, Corinne and Labbé, Martine and Laporte, Gilbert},
	year = {2003},
	pages = {1--13},
	file = {Generalized network design problems.pdf:D\:\\Ebook\\A_Education\\Spanning Tree Problem\\Generalized network design problems.pdf:application/pdf}
}

@article{prim_shortest_1957,
	title = {Shortest connection networks and some generalizations},
	volume = {36},
	number = {6},
	journal = {Bell Labs Technical Journal},
	author = {Prim, Robert Clay},
	year = {1957},
	pages = {1389--1401},
	file = {Shortest Connection Networks And Some Generalization.pdf:D\:\\Ebook\\A_Education\\Graph Theory\\Shortest Connection Networks And Some Generalization.pdf:application/pdf}
}

@article{chisman_clustered_1975,
	title = {The clustered traveling salesman problem},
	volume = {2},
	number = {2},
	journal = {Computers \& Operations Research},
	author = {Chisman, James A.},
	year = {1975},
	pages = {115--119},
	file = {The clustered traveling salesman problem.pdf:D\:\\Ebook\\A_Education\\TSP\\The clustered traveling salesman problem.pdf:application/pdf}
}

@article{feremans_comparative_2002,
	title = {A comparative analysis of several formulations for the generalized minimum spanning tree problem},
	volume = {39},
	number = {1},
	journal = {Networks},
	author = {Feremans, Corinne and Labbé, Martine and Laporte, Gilbert},
	year = {2002},
	pages = {29--34},
	file = {A comparative analysis of several formulations for the generalized minimum spanning tree problem.pdf:D\:\\Ebook\\A_Education\\Network Problem\\A comparative analysis of several formulations for the generalized minimum spanning tree problem.pdf:application/pdf;A Comparative Analysis of Several Formulations of the Generalized Minimum Spanning Tree Problem.pdf:D\:\\Ebook\\A_Education\\Clustered Tree Problem\\A Comparative Analysis of Several Formulations of the Generalized Minimum Spanning Tree Problem.pdf:application/pdf}
}

@article{myung_generalized_1995,
	title = {On the generalized minimum spanning tree problem},
	volume = {26},
	number = {4},
	journal = {Networks},
	author = {Myung, Young-Soo and Lee, Chang-Ho and Tcha, Dong-Wan},
	year = {1995},
	pages = {231--241},
	file = {On the Generalized Minimum Spanning Tree Problem.pdf:D\:\\Ebook\\A_Education\\Spanning Tree Problem\\On the Generalized Minimum Spanning Tree Problem.pdf:application/pdf}
}

@article{dror_generalized_2000,
	title = {Generalized spanning trees},
	volume = {120},
	issn = {0377-2217},
	url = {http://www.sciencedirect.com/science/article/pii/S0377221799000065},
	doi = {10.1016/S0377-2217(99)00006-5},
	number = {3},
	journal = {European Journal of Operational Research},
	author = {Dror, M. and Haouari, M. and Chaouachi, J.},
	month = feb,
	year = {2000},
	keywords = {Agriculture, genetic algorithms, Irrigation network, Minimum spanning tree, Steiner problem, Traveling Salesman Problem, Worst case analysis},
	pages = {583--592},
	file = {Generalized spanning trees.pdf:D\:\\Ebook\\A_Education\\Spanning Tree Problem\\Generalized spanning trees.pdf:application/pdf}
}

@article{ihler_class_1999,
	title = {Class {Steiner} trees and {VLSI}-design},
	volume = {90},
	number = {1-3},
	journal = {Discrete Applied Mathematics},
	author = {Ihler, Edmund and Reich, Gabriele and Widmayer, Peter},
	year = {1999},
	pages = {173--194},
	file = {Class Steiner trees and VLSI-design.pdf:D\:\\Ebook\\A_Education\\Network Problem\\Class Steiner trees and VLSI-design.pdf:application/pdf}
}

@inproceedings{reich_beyond_1989,
	title = {Beyond {Steiner}'s problem: {A} {VLSI} oriented generalization},
	booktitle = {International {Workshop} on {Graph}-theoretic {Concepts} in {Computer} {Science}},
	publisher = {Springer},
	author = {Reich, Gabriele and Widmayer, Peter},
	year = {1989},
	pages = {196--210},
	file = {Beyond Steiner's problem_A VLSI oriented generalization.pdf:D\:\\Ebook\\A_Education\\Steiner Tree Problem\\Beyond Steiner's problem_A VLSI oriented generalization.pdf:application/pdf}
}

@article{wu_polynomial_2002,
	title = {A polynomial time approximation scheme for the two-source minimum routing cost spanning trees},
	volume = {44},
	number = {2},
	journal = {Journal of Algorithms},
	author = {Wu, Bang Ye},
	year = {2002},
	pages = {359--378},
	file = {A polynomial time approximation scheme for the two-source minimum routing cost spanning trees.pdf:D\:\\Ebook\\A_Education\\Spanning Tree Problem\\A polynomial time approximation scheme for the two-source minimum routing cost spanning trees.pdf:application/pdf}
}

@article{gerla_tree_1988,
	title = {Tree structured fiber optics {MANs}},
	volume = {6},
	number = {6},
	journal = {IEEE journal on selected areas in communications},
	author = {Gerla, Mario and Fratta, Luigi},
	year = {1988},
	pages = {934--943},
	file = {Tree structured fiber optics MANs.pdf:D\:\\Ebook\\A_Education\\Network Problem\\Tree structured fiber optics MANs.pdf:application/pdf}
}

@article{prisco_fiber_1986,
	title = {Fiber optic regional area networks in {New} {York} and {Dallas}},
	volume = {4},
	number = {5},
	journal = {IEEE journal on selected areas in communications},
	author = {Prisco, J.},
	year = {1986},
	pages = {750--757},
	file = {Fiber Optic Regional Area Networks in New York and Dallas.pdf:D\:\\Ebook\\A_Education\\Network Problem\\Fiber Optic Regional Area Networks in New York and Dallas.pdf:application/pdf}
}

@article{noon_lagrangian_1991,
	title = {A {Lagrangian} based approach for the asymmetric generalized traveling salesman problem},
	volume = {39},
	number = {4},
	journal = {Operations Research},
	author = {Noon, Charles E. and Bean, James C.},
	year = {1991},
	pages = {623--632},
	file = {A Lagrangian Based Approach for the Asymmetric Generalized Traveling Salesman Problem.pdf:D\:\\Ebook\\A_Education\\Traveling Salesman Problem with Drone\\A Lagrangian Based Approach for the Asymmetric Generalized Traveling Salesman Problem.pdf:application/pdf}
}

@inproceedings{liaw_evolutionary_2017,
	title = {Evolutionary many-tasking based on biocoenosis through symbiosis: {A} framework and benchmark problems},
	isbn = {1-5090-4601-1},
	booktitle = {Evolutionary {Computation} ({CEC}), 2017 {IEEE} {Congress} on},
	publisher = {IEEE},
	author = {Liaw, Rung-Tzuo and Ting, Chuan-Kang},
	year = {2017},
	pages = {2266--2273},
	file = {Evolutionary many-tasking based on biocoenosis through symbiosis A framework and benchmark problems.pdf:D\:\\Ebook\\A_Education\\Bilevel Optimization\\Evolutionary many-tasking based on biocoenosis through symbiosis A framework and benchmark problems.pdf:application/pdf}
}

@article{hansheng_balance_1999,
	title = {Balance between exploration and exploitation in genetic search},
	volume = {4},
	number = {1},
	journal = {Wuhan University Journal of Natural Sciences},
	author = {Hansheng, Lin and Lishan, Kang},
	year = {1999},
	pages = {28--32},
	file = {Balance between exploration and exploitation in genetic search.pdf:D\:\\Ebook\\A_Education\\GA\\Balance between exploration and exploitation in genetic search.pdf:application/pdf}
}

@inproceedings{wen_parting_2017,
	title = {Parting ways and reallocating resources in evolutionary multitasking},
	isbn = {1-5090-4601-1},
	booktitle = {Evolutionary {Computation} ({CEC}), 2017 {IEEE} {Congress} on},
	publisher = {IEEE},
	author = {Wen, Yu-Wei and Ting, Chuan-Kang},
	year = {2017},
	pages = {2404--2411},
	file = {Parting ways and reallocating resources in evolutionary multitasking.pdf:D\:\\Ebook\\A_Education\\Multifactorial Evolution\\Parting ways and reallocating resources in evolutionary multitasking.pdf:application/pdf}
}

@article{feng_autoencoding_2017,
	title = {Autoencoding {Evolutionary} {Search} with {Learning} across {Heterogeneous} {Problems}},
	journal = {IEEE Transactions on Evolutionary Computation},
	author = {Feng, Liang and Ong, Yew-Soon and Jiang, Siwei and Gupta, Abhishek},
	year = {2017},
	file = {Autoencoding Evolutionary Search with Learning across Heterogeneous Problems.pdf:D\:\\Ebook\\A_Education\\Multifactorial Evolution\\Autoencoding Evolutionary Search with Learning across Heterogeneous Problems.pdf:application/pdf}
}

@book{agoston_eiben_2003,
	title = {{Introduction} to {Evolutionary} {Computing}},
	publisher = {Berlin, Springer-Verlag},
	author = {Agoston, E. Eiben},
	year = {2003},
	file = {Eiben. Introduction to Evolutionary Computing.pdf:D\:\\MyData\\Read\\Thay Lam\\Tai_lieu\\Eiben. Introduction to Evolutionary Computing.pdf:application/pdf}
}

@inproceedings{bali_linearized_2017,
	title = {Linearized domain adaptation in evolutionary multitasking},
	isbn = {1-5090-4601-1},
	booktitle = {Evolutionary {Computation} ({CEC}), 2017 {IEEE} {Congress} on},
	publisher = {IEEE},
	author = {Bali, Kavitesh Kumar and Gupta, Abhishek and Feng, Liang and Ong, Yew Soon and Siew, Tan Puay},
	year = {2017},
	pages = {1295--1302},
	file = {Linearized domain adaptation in evolutionary multitasking.pdf:files/4445/Linearized domain adaptation in evolutionary multitasking.pdf:application/pdf}
}


@inproceedings{ThanhPD_TrungTB,
	title = {Effective Multifactorial Evolutionary Algorithm for Solving the Cluster Shortest Path Tree Problem ({ACCEPTED})},
	isbn = {.},
	booktitle = {Evolutionary {Computation} ({CEC}), 2018 {IEEE} {Congress} on},
	publisher = {IEEE},
	author = {Binh, Huynh Thi Thanh and Thanh, Pham Dinh and Trung, Tran Ba and Thao, Le Phuong},
	year = {2018},
	pages = {1-8},
	file = {}
}

@inproceedings{ThanhPD_DungDA,
	title = {An Effective Representation Scheme in Multifactorial Evolutionary Algorithm for Solving Cluster Shortest-Path Tree Problem ({ACCEPTED})},
	isbn = {.},
	booktitle = {Evolutionary {Computation} ({CEC}), 2018 {IEEE} {Congress} on},
	publisher = {IEEE},
	author = {Thanh, Pham Dinh and Dung, Dinh Anh and Tien, Tran Ngoc and Binh, Huynh Thi Thanh},
	year = {2018},
	pages = {1-8},
	file = {}
}
